@book{Sedgewick_Wayne_2011, address={Upper Saddle River, NJ}, edition={4th ed}, title={Algorithms}, ISBN={9780321573513}, callNumber={QA76.9.A43 S429 2011}, publisher={Addison-Wesley}, author={Sedgewick, Robert and Wayne, Kevin Daniel}, year={2011} }